@article{cheng2008clinical,
  title={The clinical research of early gastric cancer with benign appearance},
  author={Cheng, S and Chen, L and Wu, W},
  journal={Chinese Journal of Gastroenterology and Hepatology},
  volume={17},
  number={3},
  pages={197},
  year={2008}
}